@book{rieckhoff-celts-in-germany,
	author = {Sabine Rieckhoff and Jörg Biel},
	title = {Die Kelten in Deutschland},
	date = {2001-09},
	language = {German},
	note = {ausgeliehen TUM TB Stammgelände GES 410f 06.2004 A 159},
	publisher = {Theiss Verlag},
	location = {Stuttgart},
	isbn = {9783806213676}
}

@online{asterix-beginning,
	author = {Robert Steven Caron},
	title = {Beginning of most Asterix comics},
	date = {1998-2018},
	url = {http://comedix.de/lexikon/db/vorwort.php},
	urldate = {2018-03-13},
}

@online{celtic-expansion,
	author = {Bernd Liermann},
	title = {Herkunft der Kelten und Lage des keltischen Kulturkreis},
	url = {http://www.antikefan.de/kulturen/kelten.html},
	urldate = {2018-03-13},
}

@incollection{collis-oppidum,
	author = {John Collis},
	editor = {Hermann Dannheimer and Rupert Gebhard},
	title = {Die Oppidazivilisation},
	booktitle = {Das keltische Jahrtausend},
	date = {1993},
	edition = {2., erweiterte Auflage},
	language = {German},
	volume = {23},
	note = {ausgeliehen TU München Universitätsbibliothek 94 A 484},
	publisher = {Prähistorische Staatssammlung München und Verlag Philipp von Zabern, Mainz},
	isbn = {3-8053-1514-7},
	pages = {102}
}



