@online{bill-gates-passwords,
	author  = {Munir Kotadia},
	title   = {Gates predicts death of the password},
	date    = {2004-02-25},
	url = {https://www.cnet.com/news/gates-predicts-death-of-the-password/},
	urldate = {2018-01-14}
}

@online{heather-adkins-passwords,
	author  = {Daniel Terdiman},
	title   = {Google security exec: Passwords are dead},
	date    = {2013-09-10},
	url = {https://www.cnet.com/news/google-security-exec-passwords-are-dead/},
	urldate = {2018-01-14}
}

@article{microsoft-persistence-of-passwords,
	author = {Cormac Herley and Paul C. van Oorschot},
	title = {A Research Agenda Acknowledging the Persistence of Passwords},
	journaltitle = {IEEE Security \& Privacy Magazine},
	date = {2012}
}

@manual{nist-new,
	author = {Paul A. Grassi and James L. Fenton and Elaine M. Newton and Ray A. Perlner and
	Andrew R. Regenscheid and  William E. Burr and Justin P. Richer},
	title = {Digital Identity Guidelines},
	date = {June 2017},
	subtitle = {Authentication and Lifecycle Management},
	type = {NIST Special Publication 800-63B},
	organization = {National Institute of Standards and Technology},
	chapter = {5.1.1 Memorized Secrets}
}

@manual{nist-old,
	author = {William E. Burr and Donna F. Dodson and W. Timothy Polk},
	title = {Electronic Authentication Guideline},
	date = {June 2004},
	subtitle = {Recommendations of the National Institute of Standards and Technology},
	type = {NIST Special Publication 800-63},
	organization = {National Institute of Standards and Technology}
}

@online{alexa-ranking,
	author  = {Alexa Internet, Inc.},
	title   = {Alexa Top 500 Global Sites},
	date    = {2018-01-14},
	url = {https://www.alexa.com/topsites/},
	urldate = {2018-01-14}
}

@online{password-policy,
	author  = {Wikipedia Community},
	title   = {Password policy},
	date    = {2018-01-14},
	url = {https://en.wikipedia.org/wiki/Password_policy},
	urldate = {2018-01-14}
}

@online{wallstreetjournal,
	author  = {Robert McMillan},
	title   = {The Man Who Wrote Those Password Rules Has a New Tip: N3v\$r m1-d!},
	date    = {2017-04-07},
	url = {https://www.wsj.com/articles/the-man-who-wrote-those-password-rules-has-a-new-tip-n3v-r-m1-d-1502124118},
	urldate = {2018-01-14},
	note = {This is the original interview, unfortunately behind a paywall. Many articles based on this interview can be found in various magazines, e.g. http://www.bbc.com/news/technology-40875534}
}

@online{diceware,
	author  = {Arnold G. Reinhold},
	title   = {The Diceware Passphrase Home Page},
	date    = {2017-10-26},
	url = {http://world.std.com/~reinhold/diceware.html},
	urldate = {2018-01-15}
}

@online{eff-wordlist,
	author  = {Joseph Bonneau},
	title   = {Deep Dive: EFF's New Wordlists for Random Passphrases},
	date    = {2016-07-19},
	organization = {Electronic Frontier Foundation},
	url = {https://www.eff.org/de/deeplinks/2016/07/new-wordlists-random-passphrases},
	urldate = {2018-01-15}
}

@online{list-most-common-passwords,
	author  = {Wikipedia Community},
	title   = {List of the most common passwords},
	date    = {2018-01-14},
	url = {https://en.wikipedia.org/wiki/List_of_the_most_common_passwords},
	urldate = {2018-01-14}
}

@online{unicode,
	author  = {Unicode, Inc.},
	title   = {New Publication Schedule for The Unicode Standard },
	date    = {2014-08-20},
	url = {http://blog.unicode.org/2014/08/new-publication-schedule-for-unicode.html},
	urldate = {2018-02-07}
}

@online{letter-frequency,
	author  = {Peter Norvig},
	data = {2013-01},
	title   = {English Letter Frequency Counts: Mayzner Revisited or ETAOIN SRHLDCU},
	url = {http://norvig.com/mayzner.html},
	urldate = {2018-02-07}
}


@article{desinging-password-policies,
	author = {Richard Shay and Saranga Komanduri and Adam L. Durity and Phillip (Seyoing) Huh and Michelle L. Mazurek and Sean M. Segreti and Blase Ur and Lujo Bauer and Nicolas Christin and Lorrie Faith Cranor},
	title = {Designing Password Policies for Strength and Usability},
	date = {2016}
}

@article{guessing-again,
	author = {Patrick Gage Kelley and Saranga Komanduri and Michelle L. Mazurek and Richard Shay and Timothy Vidas and Lujo Bauer and Nicolas Christin and Lorrie Faith Cranor and Julio Lóepz},
	title = {Guess again (and again and again): Measuring password strength by simulating password-cracking algorithms},
	journaltitle = {IEEE Symposium on Security and Privacy},
	date = {2012}
}

@article{of-passwords-and-people,
	author = {Saranga Komanduri and Richard Shay and Patrick Gage Kelley and Michelle L. Mazurek and Lujo Bauer and Nicolas Christin and Lorrie Faith Cranor and Serge Egelman},
	title = {Of Passwords and People: Measuring the Effect of Password-Composition Policies},
	journaltitle = {Proceedings of the SIGCHI Conference on Human Factors in Computing Systems},
	date = {2011}
}
@article{adaptive-password-meter-markov,
	author = {Claude Castelluccia and Markus Dürmuth and Daniele Perito},
	title = {Adaptive Password-Strength Meters from Markov Models},
	journaltitle = {IEEE Symposium on Security and Privacy},
	date = {2012}
}

@article{password-strength-meter-impact-de-carnavalet,
	author = {Xavier De Carné de Carnavalet and Mohammad Mannan},
	title = {From Very Weak to Very Strong:	Analyzing Password-Strength Meters},
	date = {2014}
}

@article{password-strength-meter-impact-egelman,
	author = {Serge Egelman and Andreas Sotirakopoulos and Ildar Muslukhov and Konstantin Beznosov and Cormac Herley},
	title = {Does My Password Go up to Eleven? The Impact of Password Meters on Password Selection},
	date = {2013}
}

@article{metrics-tested-on-reveleaed-passwords,
	author = {Matt Weir and Sudhir Aggarwal and Michael Collins and Henry Stern},
	title = {Testing Metrics for Password Creation Policies by Attacking Large Sets of Revealed Passwords},
	date = {2010}
}

@article{pitfalls-in-automated-strengthening,
	author = {David Schmidt and Trent Jaeger},
	title = {Pitfalls in the Automated Strengthening of Passwords},
	date = {2013}
}

@article{entropy-english-language,
	author = {Shannon, C. E.},
	journaltitle = {Bell System Technical Journal},
	title = {Prediction and Entropy of Printed English},
	year = {1951},
	pages = {50-64},
	volume = {30}
}

@article{mathematical-theory-of-communication,
	author = {Shannon, C. E.},
	journaltitle = {Bell System Technical Journal},
	title = {A Mathematical Theory of Communication},
	year = {1948},
	pages = {379-423, 623-656},
	volume = {27},
	note = {English Entropy estimate found in chapter 7}
}



